@online{PostgreSQL2022,
	author = {PostgreSQL},
	title = {{PostgreSQL 15 - Documentation}},
	year = 2022,
	url = {https://www.postgresql.org/docs/15/intro-whatis.html},
	urldate = {2022-12-30}
}

@online{DotNet2023,
	author = {Microsoft},
	title = {{What is .Net?}},
	year = 2023,
	url = {https://dotnet.microsoft.com/en-us/learn/dotnet/what-is-dotnet},
	urldate = {2023-01-10}
}

@online{PLJava,
	author = {Tada AB},
	title = {{PL/Java: stored procedures, triggers, and functions for PostgreSQL}},
	year = 2023,
	url = {https://tada.github.io/pljava/},
	urldate = {2023-01-10}
}

@online{PLLua,
	author = {RhodiumToad},
	title = {{pllua: Embeds Lua into PostgreSQL as a procedural language module}},
	year = 2023,
	url = {https://github.com/pllua/pllua},
	urldate = {2023-01-10}
}

@online{PLR,
	author = {Joseph E. Conway},
	title = {{PL/R - R Procedural Language for PostgreSQL}},
	year = 2023,
	url = {https://github.com/postgres-plr/plr},
	urldate = {2023-01-10}
}